
@inproceedings{li2013anomally,
  title={Anomaly detection in airline routine operations using flight data recorder data},
  author={Li, Lishuai},
  year={2013},
  organization={ Massachusetts Institute of Technology}
},
@inproceedings{crotty2012Raeligh,
  title={Visualizing More Than Twenty Years of Flight Data forthe Raleigh-Durham International Airport},
  author={Michael T. Crotty},
  year={2012},
  pages={51--57},
  organization={ CS-BIGS},
},
@inproceedings{hadoop,
  title={Hadoop Descriptions},
  author={Apache Hadoop},
  organization={ Apache Software Foundations},
},
@inproceedings{dataexpo2009,
  title={Airline on-time performance },
  author={Data Expo},
  year={2009}
}
